@article{dhar2013data,
	title={Data science and prediction},
	author={Dhar, Vasant},
	journal={Communications of the ACM},
	volume={56},
	number={12},
	pages={64--73},
	year={2013},
	publisher={ACM}
}

@article{aide2013real,
	title={Real-time bioacoustics monitoring and automated species identification},
	author={Aide, T Mitchell and Corrada-Bravo, Carlos and Campos-Cerqueira, Marconi and Milan, Carlos and Vega, Giovany and Alvarez, Rafael},
	journal={PeerJ},
	volume={1},
	pages={e103},
	year={2013},
	publisher={PeerJ Inc.}
}

@inproceedings{stathopoulos2014bat,
	title={Bat call identification with gaussian process multinomial probit regression and a dynamic time warping kernel},
	author={Stathopoulos, Vassilios and Zamora-Gutierrez, Veronica and Jones, Kate and Girolami, Mark},
	booktitle={Artificial Intelligence and Statistics},
	pages={913--921},
	year={2014}
}

@article{rydell2017testing,
	title={Testing the performances of automated identification of bat echolocation calls: A request for prudence},
	author={Rydell, Jens and Nyman, Stefan and Ekl{\"o}f, Johan and Jones, Gareth and Russo, Danilo},
	journal={Ecological Indicators},
	volume={78},
	pages={416--420},
	year={2017},
	publisher={Elsevier}
}

@article{stathopoulos2017bat,
	title={Bat echolocation call identification for biodiversity monitoring: a probabilistic approach},
	author={Stathopoulos, Vassilios and Zamora-Gutierrez, Veronica and Jones, Kate E and Girolami, Mark},
	journal={Journal of the Royal Statistical Society: Series C (Applied Statistics)},
	year={2017},
	publisher={Wiley Online Library}
}

@article{walters2012continental,
	title={A continental-scale tool for acoustic identification of European bats},
	author={Walters, Charlotte L and Freeman, Robin and Collen, Alanna and Dietz, Christian and Brock Fenton, M and Jones, Gareth and Obrist, Martin K and Puechmaille, S{\'e}bastien J and Sattler, Thomas and Siemers, Bj{\"o}rn M and others},
	journal={Journal of Applied Ecology},
	volume={49},
	number={5},
	pages={1064--1074},
	year={2012},
	publisher={Wiley Online Library}
}

@article{pettorelli2013indicator,
	title={Indicator Bats Program: a system for the global acoustic monitoring of bats},
	author={Pettorelli, Nathalie and Baillie, Jonathan EM and Durant, Sarah M},
	year={2013}
}

@article{briggs2012acoustic,
	title={Acoustic classification of multiple simultaneous bird species: A multi-instance multi-label approach},
	author={Briggs, Forrest and Lakshminarayanan, Balaji and Neal, Lawrence and Fern, Xiaoli Z and Raich, Raviv and Hadley, Sarah JK and Hadley, Adam S and Betts, Matthew G},
	journal={The Journal of the Acoustical Society of America},
	volume={131},
	number={6},
	pages={4640--4650},
	year={2012},
	publisher={ASA}
}

@article{chesmore2004automated,
	title={Automated bioacoustic identification of species},
	author={Chesmore, David},
	journal={Anais da Academia Brasileira de Ci{\^e}ncias},
	volume={76},
	number={2},
	pages={436--440},
	year={2004},
	publisher={SciELO Brasil}
}

@article{kullenberg2016citizen,
	title={What is citizen science?--A scientometric meta-analysis},
	author={Kullenberg, Christopher and Kasperowski, Dick},
	journal={PloS one},
	volume={11},
	number={1},
	pages={e0147152},
	year={2016},
	publisher={Public Library of Science}
}

@incollection{allen2006citizen,
	title={Citizen Science as a Tool for Biodiversity Monitoring},
	author={Allen, Paul E and Cooper, Caren B},
	year={2006}
}

@article{simmons2005order,
	title={Order chiroptera},
	author={Simmons, Nancy B},
	journal={Mammal species of the world: a taxonomic and geographic reference},
	volume={1},
	pages={312--529},
	year={2005}
}

@article{jones2009carpe,
	title={Carpe noctem: the importance of bats as bioindicators},
	author={Jones, Gareth and Jacobs, David S and Kunz, Thomas H and Willig, Michael R and Racey, Paul A},
	journal={Endangered species research},
	volume={8},
	number={1-2},
	pages={93--115},
	year={2009}
}

@article{moreno2007shortcuts,
	title={Shortcuts for biodiversity evaluation: a review of terminology and recommendations for the use of target groups, bioindicators and surrogates},
	author={Moreno, Claudia E and S{\'a}nchez-Rojas, Gerardo and Pineda, Eduardo and Escobar, Federico},
	journal={International Journal of Environment and Health},
	volume={1},
	number={1},
	pages={71--86},
	year={2007},
	publisher={Inderscience Publishers}
}

@article{griffin1944echolocation,
	title={Echolocation by blind men, bats and radar},
	author={Griffin, Donald R},
	journal={Science},
	volume={100},
	number={2609},
	pages={589--590},
	year={1944},
	publisher={American Association for the Advancement of Science}
}

@article{kunz1994bats,
	title={Bats of the world: an introduction},
	author={Kunz, TH and Pierson, ED},
	journal={Walkerâ€™s Bats of the World},
	pages={1--46},
	year={1994},
	publisher={Johns Hopkins University Press}
}

@article{corso1963bone,
	title={Bone-conduction thresholds for sonic and ultrasonic frequencies},
	author={Corso, John F},
	journal={The Journal of the Acoustical Society of America},
	volume={35},
	number={11},
	pages={1738--1743},
	year={1963},
	publisher={ASA}
}

@phdthesis{collen2012evolution,
	title={The evolution of echolocation in bats: a comparative approach},
	author={Collen, AL},
	year={2012},
	school={UCL (University College London)}
}

@article{maltby20104,
	title={.4-Understanding the evolutionary origin and diversification of bat echolocation calls},
	author={Maltby, Alanna and Jones, Kate E and Jones, Gareth},
	journal={Handbook of Behavioral Neuroscience},
	volume={19},
	pages={37--47},
	year={2010},
	publisher={Elsevier}
}

@article{jones2006evolution,
	title={The evolution of echolocation in bats},
	author={Jones, Gareth and Teeling, Emma C},
	journal={Trends in Ecology \& Evolution},
	volume={21},
	number={3},
	pages={149--156},
	year={2006},
	publisher={Elsevier}
}

@article{joy2016ancestral,
	title={Ancestral reconstruction},
	author={Joy, Jeffrey B and Liang, Richard H and McCloskey, Rosemary M and Nguyen, T and Poon, Art FY},
	journal={PLoS Comput Biol},
	volume={12},
	number={7},
	pages={e1004763},
	year={2016},
	publisher={Public Library of Science}
}

@article{jones2005echolocation,
	title={Echolocation},
	author={Jones, Gareth},
	journal={Current Biology},
	volume={15},
	number={13},
	pages={R484--R488},
	year={2005},
	publisher={Elsevier}
}

@book{thomas2004echolocation,
	title={Echolocation in bats and dolphins},
	author={Thomas, Jeanette A},
	year={2004},
	publisher={University of Chicago Press}
}

@article{aldridge1987morphology,
	title={Morphology, echolocation and resource partitioning in insectivorous bats},
	author={Aldridge, HDJN and Rautenbach, IL},
	journal={The Journal of Animal Ecology},
	pages={763--778},
	year={1987},
	publisher={JSTOR}
}

@article{fenton1995signal,
	title={Signal strength, timing, and self-deafening: the evolution of echolocation in bats},
	author={Fenton, MB and Audet, D and Obrist, Martin K and Rydell, J},
	journal={Paleobiology},
	volume={21},
	number={02},
	pages={229--242},
	year={1995},
	publisher={Cambridge Univ Press}
}

@article{neuweiler1990auditory,
	title={Auditory adaptations for prey capture in echolocating bats},
	author={Neuweiler, G},
	journal={Physiological reviews},
	volume={70},
	number={3},
	pages={615--641},
	year={1990},
	publisher={Am Physiological Soc}
}

@article{schnitzler2001echolocation,
	title={Echolocation by Insect-Eating Bats: We define four distinct functional groups of bats and find differences in signal structure that correlate with the typical echolocation tasks faced by each group},
	author={Schnitzler, Hans-Ulrich and Kalko, Elisabeth KV},
	journal={Bioscience},
	volume={51},
	number={7},
	pages={557--569},
	year={2001},
	publisher={BioOne}
}

@article{schnitzler2004evolution,
	title={Evolution of echolocation and foraging behavior in bats},
	author={Schnitzler, HU and Kalko, EKV and Denzinger, A},
	journal={Echolocation in bats and dolphins},
	pages={331--339},
	year={2004},
	publisher={University of Chicago Press Chicago, IL}
}

@article{fitch1971toward,
	title={Toward defining the course of evolution: minimum change for a specific tree topology},
	author={Fitch, Walter M},
	journal={Systematic Biology},
	volume={20},
	number={4},
	pages={406--416},
	year={1971},
	publisher={Oxford University Press}
}

@article{pupko2000fast,
	title={A fast algorithm for joint reconstruction of ancestral amino acid sequences},
	author={Pupko, Tal and Pe, Itsik and Shamir, Ron and Graur, Dan},
	journal={Molecular Biology and Evolution},
	volume={17},
	number={6},
	pages={890--896},
	year={2000},
	publisher={SMBE}
}

@article{pagel2004bayesian,
	title={Bayesian estimation of ancestral character states on phylogenies},
	author={Pagel, Mark and Meade, Andrew and Barker, Daniel},
	journal={Systematic biology},
	volume={53},
	number={5},
	pages={673--684},
	year={2004},
	publisher={Oxford University Press}
}

@article{rasmussen2006gaussian,
	title={Gaussian processes for machine learning},
	author={Rasmussen, Carl Edward},
	year={2006},
	publisher={Citeseer}
}

@article{jones2013evolutionary,
	title={Evolutionary inference for function-valued traits: Gaussian process regression on phylogenies},
	author={Jones, Nick S and Moriarty, John},
	journal={Journal of The Royal Society Interface},
	volume={10},
	number={78},
	pages={20120616},
	year={2013},
	publisher={The Royal Society}
}

@article{uhlenbeck1930theory,
	title={On the theory of the Brownian motion},
	author={Uhlenbeck, George E and Ornstein, Leonard S},
	journal={Physical review},
	volume={36},
	number={5},
	pages={823},
	year={1930},
	publisher={APS}
}

@book{ramsay2006functional,
	title={Functional data analysis},
	author={Ramsay, James O},
	year={2006},
	publisher={Wiley Online Library}
}